%PTU
@inproceedings{PTU,
  title={Using Provenance for Repeatability},
  author={Pham, Quan and Malik, Tanu and Foster, Ian T},
  booktitle={USENIX NSDI Workshop on Theory and Practice of Provenance (TaPP)}, 
  year ={2013}
}
%RR
@book{Sole,
 title={SOLE: Towards Descriptive and Interactive Publications},
 author={Malik, Tanu and Pham, Quan and Foster, Ian T},
 editor={V. Stodden, F. Leisch and R. D. Peng},
 publisher={CRC Press},
 year={2014}
 }
 
 @inproceedings{SoftProv,
  title={Auditing and Maintaing Provenance in Software Packages},
  author={Pham, Quan and Malik, Tanu and Foster, Ian T},
  year={2014},
  booktitle={International Provenance and Annotation Workshop (IPAW)},
  }

@article{Lampoudi,
  title={The Path to Virtual Machine Images as First Class Provenance},
  author={Lampoudi, Sotiria},
  journal={Age},
  year={2011}
}

@phdthesis{pham2014framework,
  title={{A framework for reproducible computational research}},
  author={Pham, Quan Tran},
  year={2014},
  school={The University Of Chicago}
}