@article{
baalbergen1988parallelmake,
author={E. H. Baalbergen},
title={Design and implementation of parallel make},
journal={COMPUTING SYSTEMS},
volume={1},
pages={135--158},
year={1988}
}

@misc{Laboratories79make,
author = {{Bell Laboratories} and S. I. Feldman},
title = {Make --- A Program for Maintaining Computer Programs},
year = {1977},
}

@INPROCEEDINGS{923173,
author={Gentzsch, W.},
booktitle={Cluster Computing and the Grid, 2001. Proceedings. First IEEE/ACM International Symposium on},
title={Sun Grid Engine: towards creating a compute power grid},
year={2001},
pages={35-36},
keywords={Internet;client-server systems;resource allocation;workstation clusters;Globus;Grid Workbench;Internet;Legion;Punch;Sun Grid Engine;cluster computing;computational grid environments;compute power grid;computer simulations;distributed resource management software;middleware;Computer networks;Distributed computing;Grid computing;Maxwell equations;Middleware;Particle measurements;Power grids;Resource management;Search engines;Sun},
doi={10.1109/CCGRID.2001.923173},}
